<record><leader>00000cas a22000007a 4500</leader><controlfield tag="001">13513365</controlfield><controlfield tag="008">860430d19uu191uiaudn ne      0    0eng d</controlfield><datafield ind1=" " ind2=" " tag="010"><subfield code="a">sn 86060070 </subfield></datafield><datafield ind1=" " ind2=" " tag="040"><subfield code="a">INP</subfield><subfield code="b">eng</subfield><subfield code="c">INP</subfield><subfield code="d">OCLCQ</subfield><subfield code="d">IUL</subfield><subfield code="d">OCLCF</subfield></datafield><datafield ind1="1" ind2=" " tag="029"><subfield code="a">AU@</subfield><subfield code="b">000025808371</subfield></datafield><datafield ind1=" " ind2=" " tag="042"><subfield code="a">msc</subfield></datafield><datafield ind1=" " ind2=" " tag="043"><subfield code="a">n-us-ia</subfield></datafield><datafield ind1="0" ind2=" " tag="130"><subfield code="a">Creston daily advertiser (Creston, Iowa : 1910)</subfield></datafield><datafield ind1="1" ind2="4" tag="245"><subfield code="a">The Creston daily advertiser.</subfield></datafield><datafield ind1="3" ind2="0" tag="246"><subfield code="a">Creston daily advertiser and gazette</subfield></datafield><datafield ind1="1" ind2="3" tag="246"><subfield code="a">Evening advertiser and gazette</subfield><subfield code="f">&lt;July 6-Dec. 31, 1910&gt;</subfield></datafield><datafield ind1="1" ind2="7" tag="246"><subfield code="a">Creston advertiser-gazette</subfield><subfield code="f">&lt;July 6-Dec. 31, 1910&gt;</subfield></datafield><datafield ind1=" " ind2=" " tag="260"><subfield code="a">Creston, Iowa :</subfield><subfield code="b">Advertiser-Gazette Co.</subfield></datafield><datafield ind1=" " ind2=" " tag="300"><subfield code="a">v. :</subfield><subfield code="b">ill.</subfield></datafield><datafield ind1=" " ind2=" " tag="310"><subfield code="a">Daily (except Sunday)</subfield></datafield><datafield ind1=" " ind2=" " tag="500"><subfield code="a">Published as: Creston daily advertiser and gazette, Nov. 25, 1910.</subfield></datafield><datafield ind1=" " ind2=" " tag="500"><subfield code="a">Editor: Paul S. Junkin, &lt;July 6-Dec. 31, 1910&gt;.</subfield></datafield><datafield ind1=" " ind2=" " tag="515"><subfield code="a">Issue for Nov. 24, 1910, not published.</subfield></datafield><datafield ind1=" " ind2=" " tag="588"><subfield code="a">Description based on: Vol. 29, no. 108 (July 6, 1910).</subfield></datafield><datafield ind1=" " ind2="0" tag="651"><subfield code="a">Creston (Iowa)</subfield><subfield code="v">Newspapers.</subfield></datafield><datafield ind1=" " ind2="0" tag="651"><subfield code="a">Union County (Iowa)</subfield><subfield code="v">Newspapers.</subfield></datafield><datafield ind1=" " ind2="7" tag="651"><subfield code="a">Iowa</subfield><subfield code="z">Creston.</subfield><subfield code="2">fast</subfield><subfield code="0">(OCoLC)fst01218582</subfield></datafield><datafield ind1=" " ind2="7" tag="651"><subfield code="a">Iowa</subfield><subfield code="z">Union County.</subfield><subfield code="2">fast</subfield><subfield code="0">(OCoLC)fst01213219</subfield></datafield><datafield ind1=" " ind2="7" tag="655"><subfield code="a">Newspapers.</subfield><subfield code="2">fast</subfield><subfield code="0">(OCoLC)fst01423814</subfield></datafield><datafield ind1=" " ind2=" " tag="752"><subfield code="a">United States</subfield><subfield code="b">Iowa</subfield><subfield code="c">Union</subfield><subfield code="d">Creston.</subfield></datafield><datafield ind1="0" ind2=" " tag="775"><subfield code="t">Creston weekly advertiser and gazette</subfield><subfield code="g">&lt;July 6-Dec. 31, 1910&gt;</subfield><subfield code="w">(DLC)sn 86060072</subfield><subfield code="w">(OCoLC)13956797</subfield></datafield><datafield ind1="0" ind2="0" tag="780"><subfield code="t">Creston daily advertiser-gazette (Creston, Iowa : 1903)</subfield><subfield code="w">(DLC)sn 86060071</subfield><subfield code="w">(OCoLC)13513370</subfield></datafield><datafield ind1="0" ind2="0" tag="785"><subfield code="t">Creston daily advertiser gazette (Creston, Iowa : 1913)</subfield><subfield code="w">(DLC)sn 86060058</subfield><subfield code="w">(OCoLC)13547904</subfield></datafield></record>